<record><leader>00000cas a22000007a 4500</leader><controlfield tag="001">10910192</controlfield><controlfield tag="008">840703d18011809pauwr ne      0    0eng d</controlfield><controlfield tag="009">3770</controlfield><datafield ind1=" " ind2=" " tag="010"><subfield code="a">sn 84024526 </subfield></datafield><datafield ind1=" " ind2=" " tag="040"><subfield code="a">NPV</subfield><subfield code="b">eng</subfield><subfield code="c">NPV</subfield><subfield code="d">NYG</subfield><subfield code="d">NPY</subfield><subfield code="d">NPX</subfield><subfield code="d">DLC</subfield><subfield code="d">KRTAS</subfield></datafield><datafield ind1="1" ind2=" " tag="029"><subfield code="a">AU@</subfield><subfield code="b">000025832064</subfield></datafield><datafield ind1=" " ind2=" " tag="042"><subfield code="a">msc</subfield></datafield><datafield ind1="0" ind2="0" tag="050"><subfield code="a">Newspaper 9630</subfield></datafield><datafield ind1="0" ind2="4" tag="245"><subfield code="a">The Luzerne Federalist: and Susquehannah intelligencer.</subfield></datafield><datafield ind1=" " ind2=" " tag="260"><subfield code="a">Wilkesbarre, Pa. :</subfield><subfield code="b">Printed by Asher Miner,</subfield><subfield code="c">1801-1809.</subfield></datafield><datafield ind1=" " ind2=" " tag="300"><subfield code="a">9 v. ;</subfield><subfield code="c">47 cm.</subfield></datafield><datafield ind1=" " ind2=" " tag="310"><subfield code="a">Weekly</subfield></datafield><datafield ind1="0" ind2=" " tag="362"><subfield code="a">Vol. 1, no. 44 (Oct. 31, 1801)-v. 9, no. 432 (May 5, 1809).</subfield></datafield><datafield ind1=" " ind2=" " tag="500"><subfield code="a">Publisher: A. &amp; C. Miner, &lt;1802&gt;.</subfield></datafield><datafield ind1=" " ind2=" " tag="752"><subfield code="a">United States</subfield><subfield code="b">Pennsylvania</subfield><subfield code="c">Luzerne</subfield><subfield code="d">Wilkes-Barre.</subfield></datafield><datafield ind1="0" ind2="0" tag="780"><subfield code="t">Luzerne County Federalist</subfield><subfield code="w">(DLC)sn 84025717</subfield></datafield><datafield ind1="0" ind2="0" tag="785"><subfield code="t">Luzerne Federalist</subfield><subfield code="w">(DLC)sn 84024525</subfield></datafield><datafield ind1=" " ind2=" " tag="938"><subfield code="a">Kirtas Technologies, Inc.</subfield><subfield code="b">KRTS</subfield><subfield code="n">738591</subfield></datafield></record>